<record><leader>00000cas a22000007a 4500</leader><controlfield tag="001">11937797</controlfield><controlfield tag="008">850418d19721977wiudn ne      0    0eng d</controlfield><datafield ind1=" " ind2=" " tag="010"><subfield code="a">sn 85040541 </subfield></datafield><datafield ind1=" " ind2=" " tag="040"><subfield code="a">NPV</subfield><subfield code="b">eng</subfield><subfield code="c">NPV</subfield><subfield code="d">NSD</subfield><subfield code="d">OCLCQ</subfield><subfield code="d">IUL</subfield><subfield code="d">OCLCF</subfield><subfield code="d">OCLCA</subfield></datafield><datafield ind1="1" ind2=" " tag="029"><subfield code="a">AU@</subfield><subfield code="b">000025802292</subfield></datafield><datafield ind1=" " ind2=" " tag="042"><subfield code="a">msc</subfield></datafield><datafield ind1=" " ind2=" " tag="043"><subfield code="a">n-us-wi</subfield></datafield><datafield ind1=" " ind2=" " tag="045"><subfield code="a">x7x7</subfield></datafield><datafield ind1=" " ind2=" " tag="052"><subfield code="a">4123</subfield><subfield code="b">F6</subfield></datafield><datafield ind1="0" ind2="0" tag="245"><subfield code="a">Fond du Lac reporter.</subfield></datafield><datafield ind1=" " ind2=" " tag="260"><subfield code="a">Fond du Lac, Wis. :</subfield><subfield code="b">L.A. Lange, Sr.,</subfield><subfield code="c">1972-1977.</subfield></datafield><datafield ind1=" " ind2=" " tag="300"><subfield code="a">6 v. :</subfield><subfield code="b">ill.</subfield></datafield><datafield ind1=" " ind2=" " tag="310"><subfield code="a">Daily (except Sun.)</subfield></datafield><datafield ind1="0" ind2=" " tag="362"><subfield code="a">Vol. 46, no. 78 (Jan. 3, 1972)-v. 51, no. 197 (May 21, 1977).</subfield></datafield><datafield ind1=" " ind2=" " tag="500"><subfield code="a">Editor: W.A. Draves, S. Gores.</subfield></datafield><datafield ind1=" " ind2="0" tag="651"><subfield code="a">Fond du Lac (Wis.)</subfield><subfield code="v">Newspapers.</subfield></datafield><datafield ind1=" " ind2="0" tag="651"><subfield code="a">Fond du Lac County (Wis.)</subfield><subfield code="v">Newspapers.</subfield></datafield><datafield ind1=" " ind2="7" tag="651"><subfield code="a">Wisconsin</subfield><subfield code="z">Fond du Lac.</subfield><subfield code="2">fast</subfield><subfield code="0">(OCoLC)fst01202767</subfield></datafield><datafield ind1=" " ind2="7" tag="651"><subfield code="a">Wisconsin</subfield><subfield code="z">Fond du Lac County.</subfield><subfield code="2">fast</subfield><subfield code="0">(OCoLC)fst01212939</subfield></datafield><datafield ind1=" " ind2="7" tag="655"><subfield code="a">Newspapers.</subfield><subfield code="2">fast</subfield><subfield code="0">(OCoLC)fst01423814</subfield></datafield><datafield ind1=" " ind2=" " tag="752"><subfield code="a">United States</subfield><subfield code="b">Wisconsin</subfield><subfield code="c">Fond du Lac</subfield><subfield code="d">Fond du Lac.</subfield></datafield><datafield ind1="0" ind2="0" tag="780"><subfield code="t">Fond du Lac commonwealth reporter</subfield><subfield code="w">(DLC)sn 85040540</subfield><subfield code="w">(OCoLC)11937716</subfield></datafield><datafield ind1="0" ind2="0" tag="785"><subfield code="t">Reporter (Fond du Lac, Wis.)</subfield><subfield code="x">0749-7172</subfield><subfield code="w">(DLC)sn 84001226</subfield><subfield code="w">(OCoLC)11167238</subfield></datafield></record>